<?xml version="1.0" encoding="UTF-8"?><collection xmlns="http://www.loc.gov/MARC21/slim"><record><leader>00517nam--2200169-i-4500</leader><controlfield tag="001">000014294</controlfield><controlfield tag="002">20161230</controlfield><controlfield tag="005">20170210012209</controlfield><controlfield tag="008">060222s1000------------r-----000-0-eng-d</controlfield><datafield ind1=" " ind2=" " tag="100"><subfield code="a">Collan, H. K</subfield></datafield><datafield ind1=" " ind2=" " tag="245"><subfield code="a">Magnetic filtration of steel mill effuent wate rs: principles, techniques and economics</subfield></datafield><datafield ind1=" " ind2=" " tag="260"><subfield code="a">Helsinki</subfield><subfield code="b">Finnish Academy Of Technical Science</subfield><subfield code="c">1982</subfield></datafield><datafield ind1=" " ind2=" " tag="300"><subfield code="a">61 p</subfield></datafield><datafield ind1=" " ind2=" " tag="490"><subfield code="a">Acta Polytechnica Scandinavica</subfield></datafield><datafield ind1=" " ind2=" " tag="700"><subfield code="a">Toikka, O. E</subfield></datafield><datafield ind1=" " ind2=" " tag="852"><subfield code="a">538.955(047.3)</subfield></datafield><datafield ind1=" " ind2=" " tag="CAT"><subfield code="a">SYS</subfield><subfield code="c">20170210</subfield><subfield code="h">012209</subfield></datafield></record></collection>